@book{BWRE,
	author = "Rupp, Chris and Pohl, Klaus",
	title = {Basiswissen Requirements Engineering: Aus- und Weiterbildung nach IREB-Standard zum Certified Professional for Requirements Engineering Foundation Level},
	edition = {3.},
	publisher = {dpunkt.verlag},
	address = {Heidelberg},
	year = {2015},
	note = {ISBN 3864916747, 9783864916748}
}

@book{Rupp14,
	author = "Rupp, Chris and die SOPHISTen",
	title = {Requirements-Engineering und -Management},
	edition = {6.},
	publisher = {Carl Hanser Verlag GmbH Co KG},
	address = {München},
	year = {2014},
	note = {ISBN 3446443134, 9783446443136}
}

@book{Schaefer2,
	author = "Torsten F. Schäfer",
	title = {Stakeholderorientiertes Integrationsmanagement bei Fusionen und Akquisitionent},
	edition = {1.},
	publisher = {Gabler Verlag},
	address = {Wiesbaden},
	year = {2008},
	note = {ISBN 978-3-8350-0985-1}
}

@misc{Rupp2,
	author = "Rupp, Chris and Schüpferling, Dirk",
	title = {Anforderungsermittlung - Hellsehen für Fortgeschrittene},
	year = {2017},
	note = {\url{http://zugang.sophist.de/DownloadDB.nsf/0/2e76df6e9fb899bfc125770b00577666/$FILE/Requirements%20Engineering%20&%20Management,%205.%20Auflage%20-%20Kap%205%20Ermittlung.pdf#}. Sichtung: 24.05.2017}
}

@misc{SOPHIST2,
	author = {{Die SOPHISTen}},
	title = {»Schablonen für alle Fälle«},
	year = {2013},
	note = {\url{https://www.sophist.de/fileadmin/SOPHIST/Puplikationen/Broschueren/SOPHIST_Broschuere_MASTeR.pdf}. Sichtung: 24.05.2017}
}

@misc{Harwardt,
	author = {{Harward, Mark}},
	title = {Wasserfallmodell versus Scrum},
	year = {2011},
	note = {\url{https://www.fernuni-hagen.de/imperia/md/content/ps/masterarbeit-harwardt.pdf}. Sichtung: 24.05.2017}
}

@misc{Schaefer,
	author = {{Dr.-Ing. Ina Schaefer}},
	title = {Anforderungsanalyse},
	year = {2011},
	note = {\url{https://www.tu-braunschweig.de/Medien-DB/isf/sse/v2-re.pdf}. Sichtung: 24.05.2017}
}

@misc{Taentzer,
	author = {{Taentzer}},
	title = {Grundlagen der Anforderungsanalyse},
	year = {2014},
	note = {\url{https://www.uni-marburg.de/fb12/arbeitsgruppen/swt/lehre/files/est1415/EST141028.pdf}. Sichtung: 25.05.2017}
}

@misc{Kuhn,
	author = {{Kuhn, Andrea}},
	title = {Penalty-Reward-Faktoren Ansatz},
	year = {2017},
	note = {\url{http://www.durch-lernen-zum-erfolg.de/lexikon/penalty-reward-faktoren-ansatz/}. Sichtung: 25.05.2017}
}

@misc{Weigand,
	author = {{Weigand, Florian}},
	title = {Aufwandsschatzung in IT-Großprojekten ¨
Function Point Methode},
	year = {2017},
	note = {\url{https://wwwmatthes.in.tum.de/file/stdmz5ua8sr7/Sebis-Public-Website/-/Proseminar/Weigand-Function-Point-Methode-Ausarbeitung.pdf}. Sichtung: 25.05.2017}
}

@misc{Lipinski,
	author = {{Dipl.-Ing. Klaus Lipinski}},
	title = {Function-Point-Methode},
	year = {2013},
	note = {\url{http://www.itwissen.info/Function-Point-Methode-function-point-method.html}. Sichtung: 25.05.2017}
}

@misc{Wiegand,
	author = {{Wiegand, Sven}},
	title = {Story-Points: Normierung der Skala und Planung},
	year = {2015},
	note = {\url{http://www.itwissen.info/Function-Point-Methode-function-point-method.html}. Sichtung: 01.06.2017}
}

@misc{FANTA1,
	author = {{Bornemann, Stefan}},
	title = {Stakeholder – Ihre Interessen und deren Analyse},
	year = {2017},
	note = {\url{http://www.lead-conduct.de/2012/11/28/stakeholder/}. Sichtung: 22.05.2017}
}

@misc{AGIL1,
	author = {{it-agile GmbH}},
	title = {Agiles Schätzen},
	year = {2017},
	note = {\url{https://www.it-agile.de/wissen/praktiken/schaetzen/}. Sichtung: 22.05.2017}
}

@misc{FLEIG1,
	author = {{Dr. Jürgen Fleig}},
	title = {Was sind Stakeholder und was bedeutet das Stakeholder-Konzept?},
	year = {2016},
	note = {\url{https://www.business-wissen.de/hb/was-sind-stakeholder-und-was-bedeutet-das-stakeholder-konzept/}. Sichtung: 23.05.2017}
}

@misc{Preuss1,
	author = "Preuss, Sebastian",
	title = {Scrum-Projekte: Beschätzungen auf Basis von Story Points},
	year = {2013},
	note = {\url{https://blog.seibert-media.net/blog/2013/03/07/scrum-projekte-beschaetzungen-auf-basis-von-story-points/}. Sichtung: 23.05.2017}
}

@misc{GLOSS,
	author = {{R.Heini}},
	title = {Glossar},
	year = {2017},
	note = {\url{http://www.anforderungsmanagement.ch/glossar/}. Sichtung: 06.06.2017}
}

@misc{WinfWiki,
	author = {{WinfWiki}},
	title = {Methoden und Verfahren der Aufwandschätzung im Vergleich},
	year = {2017},
	note = {\url{http://winfwiki.wi-fom.de/index.php/Methoden_und_Verfahren_der_Aufwandsch%C3%A4tzung_im_Vergleich#Methoden_der_Aufwandsch.C3.A4tzung}. Sichtung: 06.06.2017}
}

@misc{Kim,
	author = {{Lauenroth, Kim}},
	title = {Eine kleine praktische Philosophie über das Requirements Engineering},
	year = {2011},
	note = {\url{https://de.slideshare.net/adessoAG/vortrag-kim-lauenroth}. Sichtung: 06.06.2017}
}

@misc{COCOMO,
	author = {{betriebswirtschaft-lernen.net}},
	title = {COCOMO (Constructive Cost Model)},
	year = {2017},
	note = {\url{http://www.betriebswirtschaft-lernen.net/erklaerung/cocomo-constructive-cost-model/}. Sichtung: 14.06.2017}
}

@misc{COSMIC,
	author = {{cosmic-sizing.org}},
	title = {COSMIC Method},
	year = {2017},
	note = {\url{http://cosmic-sizing.org/cosmic-fsm/}. Sichtung: 14.06.2017}
}

